<record xmlns:xsi="http://www.w3.org/2001/XMLSchema-instance" xmlns="http://www.loc.gov/MARC21/slim" xsi:schemaLocation="http://www.loc.gov/MARC21/slim http://www.loc.gov/standards/marcxml/schema/MARC21slim.xsd">

  <leader>00676nam a2200181   4500</leader>
  <controlfield tag="008">160511b1975    sp ||||| |||| 00| | spa d</controlfield>
  <datafield ind2=" " ind1=" " tag="020">
    <subfield code="a">843440768X</subfield>
  </datafield>
  <datafield ind1=" " ind2=" " tag="090">
    <subfield code="a">06.05.04</subfield>
    <subfield code="b">2328</subfield>
  </datafield>
  <datafield ind2="0" ind1="1" tag="245">
    <subfield code="a">Problemas de psicología genética / </subfield>
    <subfield code="c">Jean Piaget, Traducción castellana de Miguel A. Quintanilla y Ana M. Tizón</subfield>
  </datafield>
  <datafield tag="260" ind1=" " ind2=" ">
    <subfield code="a">Barcelona, España :</subfield>
    <subfield code="b">Ariel,</subfield>
    <subfield code="c">1975</subfield>
  </datafield>
  <datafield tag="300" ind1=" " ind2=" ">
    <subfield code="a">1969 páginas</subfield>
  </datafield>
  <datafield tag="500" ind2=" " ind1=" ">
    <subfield code="a">Título del original francés: Problèmes de psychologie genétique</subfield>
  </datafield>
  <datafield ind1="1" ind2="4" tag="650">
    <subfield code="9">723</subfield>
    <subfield code="a">DESARROLLO DEL NIÑO</subfield>
  </datafield>
  <datafield ind2="4" ind1="1" tag="650">
    <subfield code="9">874</subfield>
    <subfield code="a">PSICOLOGÍA DEL NIÑO</subfield>
  </datafield>
  <datafield tag="700" ind1=" " ind2=" ">
    <subfield code="9">1716</subfield>
    <subfield code="a">Quintanilla, Miguel A.</subfield>
    <subfield code="e">Traductor/a</subfield>
  </datafield>
  <datafield tag="700" ind1=" " ind2=" ">
    <subfield code="9">1717</subfield>
    <subfield code="a">Tizón, Ana M.</subfield>
    <subfield code="e">Traductor/a</subfield>
  </datafield>
  <datafield ind2=" " ind1=" " tag="942">
    <subfield code="2">z</subfield>
    <subfield code="c">01</subfield>
  </datafield>
  <datafield ind2=" " ind1=" " tag="999">
    <subfield code="c">3213</subfield>
    <subfield code="d">3213</subfield>
  </datafield>
</record>